%%%%%%%%%%%%%%%%%%%%%%%%%%%%%%%%%%%%%%%%%%%%%%%%%%%%%%%%%%%%%%%%%%%%%%%%%%%%%%%%
%   Copyright 2009 Sun Microsystems, Inc.,
%   4150 Network Circle, Santa Clara, California 95054, U.S.A.
%   All rights reserved.
%
%   U.S. Government Rights - Commercial software.
%   Government users are subject to the Sun Microsystems, Inc. standard
%   license agreement and applicable provisions of the FAR and its supplements.
%
%   Use is subject to license terms.
%
%   This distribution may include materials developed by third parties.
%
%   Sun, Sun Microsystems, the Sun logo and Java are trademarks or registered
%   trademarks of Sun Microsystems, Inc. in the U.S. and other countries.
%%%%%%%%%%%%%%%%%%%%%%%%%%%%%%%%%%%%%%%%%%%%%%%%%%%%%%%%%%%%%%%%%%%%%%%%%%%%%%%%

@inproceedings{fgj,
  author = "Atshushi Igarashi and Benjamin Pierce and Philip Wadler",
  title = "{Featherweight Java}: {A} Minimal Core Calculus for {Java} and {GJ}",
  booktitle = "Proceedings of the 1999 {ACM} {SIGPLAN} Conference on Object-Oriented Programming, Systems, Languages {\&} Applications ({OOPSLA}`99)",
  volume = "34(10)",
  address = "N. Y.",
  editor = "Loren Meissner",
  pages = "132--146",
  year = "1999",
  url = "citeseer.ist.psu.edu/igarashi99featherweight.html"
}

@Misc{Fortress,
  author = "Eric Allen and David Chase and Joe Hallett and Victor Luchangco and Jan-Willem Maessen and Sukyoung Ryu and Guy L. Steele Jr. and Sam Tobin-Hochstadt",
  title = "{The Fortress Language Specification Version 1.0}",
  year = "2008",
  month = mar,
  institution = "Sun Microsystems, Inc.",
  howpublished = "\url{http://research.sun.com/projects/plrg/Publications/fortress.1.0.pdf}"
}

@misc{FortressInterpreter,
  author = "Sun's Programming Language Research Group",
  title = "Project Fortress",
  howpublished = "\url{http://projectfortress.sun.com}" }

@book{JLS,
  author = {Bracha, Gilad and Steele, Guy and Joy, Bill and Gosling, James },
  citeulike-article-id = {113341},
  howpublished = {Paperback},
  isbn = {0321246780},
  keywords = {java oopsla-paper},
  month = {July},
  publisher = {Addison-Wesley Professional},
  title = {Java(TM) Language Specification, The (3rd Edition) (Java Series)},
  url = "\url{http://www.amazon.fr/exec/obidos/ASIN/0321246780/citeulike04-21}",
  year = {2005}
}

@InProceedings{MFFF-RTA04,
  author =       "J. Matthews and R. B. Findler and M. Flatt and M.
                 Felleisen",
  title =        "{A Visual Environment for Developing Context-Sensitive
                 Term Rewriting Systems (system description)}",
  pages =        "301--311",
  year =         "2004",
  month =        jun # "~3-5,",
  editor =       "V. van Oostrom",
  booktitle =    "{Rewriting Techniques and Applications, 15th
                 International Conference, RTA-04}",
  address =      "Valencia, Spain",
  series =       "LNCS 3091",
  ISBN =         "3-540-22153-0",
  publisher =    "Springer",
}

@techreport{nistSP811,
  author = "Barry N. Taylor",
  title = "Guide for the Use of the International System of Units (SI)",
  institution = "United States Department of Commerce, National Institute of Standards and Technology",
  month = apr,
  year = 1995,
  url = "http://physics.nist.gov/cuu/pdf/sp811.pdf"
}

@misc{Rats,
  author = "Robert Grimm",
  title = "Rats! -- An Easily Extensible Parser Generator",
  howpublished = "\url{http://cs.nyu.edu/~rgrimm/xtc/rats.html}" }

@book{Unicode,
  Year = {2006},
  Title = {The Unicode Standard, Version 5.0},
  Author = "{The Unicode Consortium}",
  Publisher = {Addison-Wesley},
  city = {Boston, MA}
}
